@article{fresca2021comprehensive,
  title={A comprehensive deep learning-based approach to reduced order modeling of nonlinear time-dependent parametrized {PDE}s},
  author={Fresca, Stefania and Dede, Luca and Manzoni, Andrea},
  journal={Journal of Scientific Computing},
  volume={87},
  number={2},
  pages={1--36},
  year={2021},
  publisher={Springer}
}

@article{regazzoni2022,
  url = {https://arxiv.org/abs/2204.07805},
  author = {Regazzoni, Francesco and Pagani, Stefano and Quarteroni, Alfio},
  title = {Universal Solution Manifold Networks ({USM-N}ets): non-intrusive mesh-free surrogate models for problems in variable domains},
  journal = {arXiv},
  year = {2022},
}
@article{hughes2005isogeometric,
  title={Isogeometric analysis: {CAD}, finite elements, {NURBS}, exact geometry and mesh refinement},
  author={Hughes, Thomas JR and Cottrell, John A and Bazilevs, Yuri},
  journal={Computer methods in applied mechanics and engineering},
  volume={194},
  number={39-41},
  pages={4135--4195},
  year={2005},
  publisher={Elsevier}
}

@article{vazquez2016new,
  title={A new design for the implementation of isogeometric analysis in Octave and Matlab: GeoPDEs 3.0},
  author={V{\'a}zquez, Rafael},
  journal={Computers \& Mathematics with Applications},
  volume={72},
  number={3},
  pages={523--554},
  year={2016},
  publisher={Elsevier}
}

@book{reddy2006theory,
  title={Theory and analysis of elastic plates and shells},
  author={Reddy, Junuthula Narasimha},
  year={2006},
  publisher={CRC press}
}

@article{kiendl2009isogeometric,
  title={Isogeometric shell analysis with Kirchhoff--Love elements},
  author={Kiendl, Josef and Bletzinger, K-U and Linhard, Johannes and W{\"u}chner, Roland},
  journal={Computer methods in applied mechanics and engineering},
  volume={198},
  number={49-52},
  pages={3902--3914},
  year={2009},
  publisher={Elsevier}
}

@book{piegl1996nurbs,
  title={The NURBS book},
  author={Piegl, Les and Tiller, Wayne},
  year={1996},
  publisher={Springer Science \& Business Media}
}

@article{raissi2019physics,
  title={Physics-informed neural networks: A deep learning framework for solving forward and inverse problems involving nonlinear partial differential equations},
  author={Raissi, Maziar and Perdikaris, Paris and Karniadakis, George E},
  journal={Journal of Computational physics},
  volume={378},
  pages={686--707},
  year={2019},
  publisher={Elsevier}
}

@article{scordelis1964computer,
  title={Computer analysis of cylindrical shells},
  author={Scordelis, A. C. and Lo, K. S.},
  journal={Journal Proceedings},
  volume={61},
  number={5},
  pages={539--562},
  year={1964}
}

@article{belytschko1985stress,
  title={Stress projection for membrane and shear locking in shell finite elements},
  author={Belytschko, Ted and Stolarski, Henryk and Liu, Wing Kam and Carpenter, Nicholas and Ong, Jame S. J.},
  journal={Computer Methods in Applied Mechanics and Engineering},
  volume={51},
  number={1-3},
  pages={221--258},
  year={1985},
  publisher={Elsevier}
}

@book{quarteroni2015reduced,
  title={Reduced basis methods for partial differential equations: an introduction},
  author={Quarteroni, Alfio and Manzoni, Andrea and Negri, Federico},
  volume={92},
  year={2015},
  publisher={Springer}
}
@book{benner2017model,
  title={Model reduction and approximation: theory and algorithms},
  author={Benner, Peter and Ohlberger, Mario and Cohen, Albert and Willcox, Karen},
  year={2017},
  publisher={SIAM}
}

@article{ballarin2015supremizer,
  title={Supremizer stabilization of {POD--G}alerkin approximation of parametrized steady incompressible Navier--Stokes equations},
  author={Ballarin, Francesco and Manzoni, Andrea and Quarteroni, Alfio and Rozza, Gianluigi},
  journal={International Journal for Numerical Methods in Engineering},
  volume={102},
  number={5},
  pages={1136--1161},
  year={2015},
  publisher={Wiley Online Library}
}

@article{lu2021physics,
  title={Physics-informed neural networks with hard constraints for inverse design},
  author={Lu, Lu and Pestourie, Raphael and Yao, Wenjie and Wang, Zhicheng and Verdugo, Francesc and Johnson, Steven G},
  journal={SIAM Journal on Scientific Computing},
  volume={43},
  number={6},
  pages={B1105--B1132},
  year={2021},
  publisher={SIAM}
}